2009 3334
309 119 500 178 ‘261

16 249 18 276 l

16 347 18 352 .
74 289 116 353 rio
137 291 274 372 obsequi,
298 289 358 351 imo
374 309 445 351 cum
467 279 614 372 iscrymis
632 285 719 350 illum
735 290 902 356 obtesttitua

16 401 18 420 1
74 387 170 454 est-ut
181 389 243 439 tam
254 375 388 457 iniquum
405 374 566 438 consilium
582 375 757 456 deponeret.

112 462 251 544 Denique
264 461 340 524 Saiil
356 463 436 527 misit
448 459 603 538 satellites,
614 459 665 542 qui
680 459 834 524 Davidem
844 462 903 528 do-

27 593 29 602 ι
71 546 155 612 mi'in
170 551 264 614 oculis
279 550 381 612 axoris
403 548 613 624 trucidareut5
635 547 704 608 haec
720 547 794 611 vcro
810 561 904 613 marl·

16 631 19 640 ’
72 648 133 696 tum
149 636 265 700 demisit
276 657 332 720 per
347 636 521 712 fenestram,
537 652 629 715 atque
644 632 685 694 itai
695 635 806 718 eripuit
820 636 905 722 peri·

71 723 140 784 culo
806 735 809 741 '

71 859 138 956 123ss
160 889 269 956 David
288 893 321 954 in
334 891 430 978 stigltt
454 887 665 976 spurea'Sattl,
687 889 752 954 alo
767 891 903 976 putntsd

437 977 511 1079 isim.

107 1147 222 1224 David,
237 1160 272 1209 ut
285 1149 362 1214 vidit
375 1147 604 1234 implacabilem
617 1168 684 1211 esse
704 1148 807 1212 Saulis
822 1149 855 1212 iu
868 1170 902 1215 se

63 1235 209 1298 animum.
226 1237 353 1298 excessit
368 1235 448 1314 auli,
464 1248 495 1298 et
507 1234 701 1298 solitudinem
716 1235 814 1318 petiit.

108 1319 185 1385 Saiil
211 1319 295 1382 illum
319 1334 493 1405 persecutus
514 1333 580 1400 est3
610 1333 651 1397 at,
675 1319 748 1384 Deo
768 1323 899 1401 favente,

61 1405 168 1470 David
181 1405 298 1476 inimici
312 1427 418 1472 manus
430 1407 547 1490 effugit,
563 1419 593 1470 et
608 1407 672 1491 ipsc
689 1407 790 1472 Saulis
803 1407 899 1472 vitam

62 1512 126 1558 nou
142 1494 234 1556 semel
251 1493 393 1558 servavit.
484 1521 491 1536 ·

107 1579 185 1644 Erat
200 1580 230 1642 in
245 1581 366 1644 deserto
382 1580 527 1665 spelunca
538 1592 625 1642 vasto
641 1601 760 1644 recessu
770 1593 899 1666 pateus,

59 1663 104 1726 ibi
116 1665 221 1732 David
232 1688 301 1730 cum
314 1666 376 1729 suis
388 1665 549 1730 comitibus
561 1665 591 1728 in
601 1666 744 1730 inferiore
753 1682 840 1752 parte
851 1668 898 1733 la·

57 1752 157 1814 lebat.
351 1797 353 1802 -
937 1775 940 1780 ·

92 1837 200 1923 ,ῧοηὸ
217 1838 292 1901 Saiil
308 1838 388 1902 solus
403 1839 434 1902 in
449 1839 533 1912 illam
551 1839 727 1920 speluncam
742 1839 897 1922 ingressus

57 1933 114 2002 est,
128 1943 183 1986 nec
196 1925 321 1987 latentes
332 1924 408 1988 vidit
419 1946 439 1986 o
497 1945 641 2007 assasque
653 1945 761 1987 somno
768 1926 895 2008 quievit.

83 2049 86 2056 ι
102 2009 158 2073 Sui
174 2007 246 2072 Dav
258 2011 326 2073 dem
340 2012 434 2073 comit
502 2012 683 2075 ortabantur
699 2025 733 2073 ut
748 2021 897 2094 opportu-

53 2116 130 2158 nam
159 2095 261 2159 Saulis
285 2097 483 2159 interficiendi
507 2095 700 2173 occasionem
726 2097 896 2184 arriperet5

53 2181 111 2244 sed
128 2180 233 2244 David
247 2181 355 2260 noluit,
369 2181 461 2264 quiam
475 2181 599 2267 impunc
614 2195 727 2265 posset,
738 2183 895 2250 inimicum
939 2246 942 2253 ,

49 2268 208 2334 occidere.

56 2441 169 2505 0124.
192 2421 268 2538 Saul
281 2437 354 2518 dies,
370 2441 402 2503 in
417 2442 463 2534 tlte
475 2427 552 2526 year
564 2416 645 2505 1054
660 2440 758 2528 lesora
772 2442 804 2506 J.
819 2443 858 2508 0.

94 2607 220 2674 Motum
236 2624 280 2676 est
295 2611 398 2675 rursus
413 2611 528 2676 bellum
543 2635 611 2677 cum
628 2611 815 2697 Philistoeis3
834 2617 890 2683 ud·

42 2694 162 2759 vetatis
174 2716 250 2778 quos
264 2697 341 2762 Saiil
353 2720 423 2762 cum
440 2700 574 2763 exercitu
586 2701 746 2786 processit.

93 2781 275 2847 Commissi
296 2785 411 2868 pugni,
435 2782 630 2849 Hehraelfsst
652 2798 730 2862 suut,
752 2798 812 2849 tres
833 2784 889 2849 filii

16 2909 18 2948 ,
41 2867 139 2952 regis
154 2867 188 2933 in
203 2869 269 2934 acie
291 2871 490 2936 ceciderunt:
514 2871 599 2936 SaiiV
615 2871 680 2956 ipse
690 2891 727 2933 ex
740 2889 821 2952 equo
835 2870 889 2932 de·

466 2975 487 3018 r
940 2964 944 2978 .
