2009 3334
506 121 546 181 89

105 285 218 352 delecti
230 295 299 350 sunt
310 284 393 369 pueri
405 286 517 349 eximiis
528 284 637 348 formai.
682 286 808 365 Daniel,
824 284 942 350 Anani-

106 394 154 451 as,
169 371 288 447 Misael,
295 384 325 433 et
336 372 486 433 Asarias:
509 373 621 434 hicum
633 370 699 434 aliis
716 370 857 436 multisrn
873 370 942 454 ipsit

105 456 194 541 regii
215 457 431 534 educabantur,
455 470 489 520 ut
511 460 618 546 postea
640 445 679 519 ad
702 479 836 521 mensam
859 456 943 539 ragis

107 544 315 621 consisterent,
331 542 419 624 eique
435 545 626 608 accumbenti
642 544 854 608 ministrarent.
996 545 997 564 ¹

150 628 440 691 Nabuchodonosor
449 632 578 707 jusserat
589 651 653 708 eos,
666 630 726 711 qub
742 629 863 692 meliore
873 627 943 692 vul-

108 728 141 778 tu
152 730 261 793 esseut,
273 715 380 777 iisdem
393 716 468 778 cibis
481 717 533 795 ali,
545 718 655 799 quibus
671 716 736 800 ipse
744 716 942 795 vescebatur3

107 814 140 865 at
153 801 293 882 generosi
309 802 353 862 illi
376 804 472 885 pueri,
489 806 565 867 cibis
588 802 735 887 profanis,
751 802 823 885 quia
838 802 870 863 id
893 801 944 865 lex

106 888 243 967 vetabat,
260 887 300 951 nti
312 886 486 968 noluarunt,
500 891 553 953 sed
569 888 640 952 solis
654 887 876 971 leguminibus:
897 900 944 949 at-

106 984 209 1037 tamen
219 974 408 1037 robustidres
418 993 455 1037 ac
464 977 642 1040 nitentiores
653 976 728 1039 iacti
740 986 810 1037 sunt
824 972 944 1035 caeteris

104 1061 220 1145 pueris,
237 1060 418 1144 quibuscum
433 1065 656 1127 nutriebantur.
689 1077 691 1080 “

175 1234 248 1295 183.
276 1232 335 1294 aas
351 1182 429 1295 tlrrec
438 1256 542 1319 young
556 1257 625 1298 men
635 1235 668 1297 in
683 1235 730 1297 tlte
736 1232 881 1323 suranae.

153 1401 444 1468 Nabuchodonosor
466 1406 523 1471 sthi
544 1405 647 1492 posuit
665 1418 795 1469 statuam
817 1424 943 1468 aureatn

108 1510 201 1575 quam
212 1492 253 1553 ab
269 1492 411 1555 omnibns
419 1493 513 1575 jussit
524 1493 657 1573 adorari,
668 1488 828 1578 propositi
839 1490 944 1554 mortis

107 1575 201 1663 pienti
215 1576 253 1639 iis
268 1579 320 1659 qui
336 1584 446 1660 parare
460 1579 586 1648 nollent.

94 1696 96 1711 ι
153 1662 298 1742 Ananias,
321 1662 440 1743 Mlsael,
464 1679 494 1729 et
515 1667 645 1729 Anarias
669 1665 745 1727 mori
771 1662 946 1726 maluerunt

110 1748 202 1834 quarn
217 1748 363 1812 hondrem
381 1752 436 1814 scili
453 1752 524 1833 Deo
536 1753 674 1815 debiturn
690 1764 800 1814 statuae
815 1748 943 1810 deferre.

60 1890 67 1902 .
151 1836 250 1899 lratus
265 1856 317 1899 rex
328 1852 384 1899 eos
396 1849 521 1900 vestitos
537 1850 568 1900 et
576 1839 692 1900 catanis
706 1837 825 1921 vinctos
840 1833 946 1916 conje-

111 1920 154 1985 cit
167 1922 198 1983 in
212 1921 368 1987 fornacem
387 1924 565 1985 ardentem:
586 1924 640 1985 sed
655 1925 779 1985 damma
793 1918 870 1984 nihil
885 1917 946 1979 illis

11 2012 13 2079 i
110 2008 215 2073 nocuit
229 2030 237 2069 ε
258 2030 314 2071 nec
327 2030 437 2093 corpus
448 2009 584 2072 addussit
595 2009 686 2091 ignis,
699 2029 756 2070 nec
770 2021 868 2081 vestes
879 2002 946 2085 qui-

111 2097 181 2160 dem
198 2097 347 2175 mutavit3
369 2118 404 2157 ac
416 2094 506 2157 solvit
521 2093 733 2157 tantummodi)
744 2088 868 2158 vincula
879 2110 946 2171 qur-

109 2183 169 2250 bus
180 2182 476 2265 constringebantur,
489 2180 576 2244 itaut
589 2181 679 2244 illaesi
691 2181 721 2243 in
734 2181 835 2245 medii
844 2174 946 2237 forna-

111 2289 148 2331 ce
160 2268 360 2331 ambularent.

288 2443 348 2503 184
382 2438 498 2501 Daniel
512 2442 544 2503 in
555 2441 602 2503 ibe
616 2440 703 2503 lioa's
715 2439 784 2504 den.

153 2609 267 2674 Daniel
277 2613 359 2694 apud
371 2626 475 2695 regern
488 2611 589 2693 gratia
599 2610 893 2695 plurimdmvalebat
902 2616 945 2680 ob

111 2694 299 2779 singularem
314 2698 507 2782 prudentiam
522 2720 529 2758 ε
553 2712 739 2785 quapropter
754 2698 869 2763 invisus
880 2712 947 2763 erat

112 2780 223 2849 aulicis
239 2783 328 2867 quisi
344 2785 467 2848 insidias
483 2786 644 2931 pargbant.
690 2784 861 2849 Snaserunt
876 2785 945 2866 regi

501 2888 532 2931 a.
